<?xml version="1.0" encoding="UTF-8"?>
<record xmlns="http://www.loc.gov/MARC21/slim" xmlns:xsi="http://www.w3.org/2001/XMLSchema-instance" xsi:schemaLocation="http://www.loc.gov/MARC21/slim http://www.loc.gov/standards/marcxml/schema/MARC21slim.xsd">
<leader>     nam a2200277 a 4500</leader>
<controlfield tag="001">001717246</controlfield>
<controlfield tag="003">NNU</controlfield>
<controlfield tag="005">20061010171006.0</controlfield>
<controlfield tag="008">010404s1948    ua            000 0 ara</controlfield>
<datafield tag="010" ind1=" " ind2=" ">
<subfield code="a">ne 63001741</subfield>
</datafield>
<datafield tag="035" ind1="9" ind2=" ">
<subfield code="a">NYUb12271094</subfield>
</datafield>
<datafield tag="035" ind1=" " ind2=" ">
<subfield code="a">(CStRLIN)NYUG01-B1477</subfield>
</datafield>
<datafield tag="040" ind1=" " ind2=" ">
<subfield code="a">DLC</subfield>
<subfield code="c">TxU</subfield>
<subfield code="d">MH</subfield>
<subfield code="d">CStRLIN</subfield>
<subfield code="d">CtY</subfield>
</datafield>
<datafield tag="050" ind1=" " ind2=" ">
<subfield code="a">DT104.5</subfield>
<subfield code="b">.J3</subfield>
</datafield>
<datafield tag="066" ind1=" " ind2=" ">
<subfield code="c">(3</subfield>
</datafield>
<datafield tag="090" ind1=" " ind2=" ">
<subfield code="a">DT104.5</subfield>
<subfield code="b">.J3</subfield>
</datafield>
<datafield tag="110" ind1="2" ind2=" ">
<subfield code="6">880-01</subfield>
<subfield code="a">Jamʻīyah al-Miṣrīyah lil-Dirāsāt al-Tārīkhīyah.</subfield>
</datafield>
<datafield tag="245" ind1="1" ind2="0">
<subfield code="6">880-02</subfield>
<subfield code="a">Dhikrá al-baṭal al-fātiḥ Ibrāhīm Bāshā, 1848-1948 :</subfield>
<subfield code="b">majmūʻat abḥāth wa-dirāsāt li-tārīkhuh tanshuruhā al-Jamʻīyah bi-munāsabat inqiḍāʼ māʼat ʻāmm ʻalá wafātih.</subfield>
</datafield>
<datafield tag="260" ind1=" " ind2=" ">
<subfield code="6">880-03</subfield>
<subfield code="a">Cairo :</subfield>
<subfield code="b">Maṭbaʻat Dār al-Kutub al-Miṣrīyah,</subfield>
<subfield code="c">[1948]</subfield>
</datafield>
<datafield tag="300" ind1=" " ind2=" ">
<subfield code="a">24, 405 p. :</subfield>
<subfield code="b">plates, ports., maps (part fold.) ;</subfield>
<subfield code="c">25 cm.</subfield>
</datafield>
<datafield tag="500" ind1=" " ind2=" ">
<subfield code="a">At head of title: al-Jamʻīyah al-Malakīyah lil-Dirāsāt al-Tārīkhīyah.</subfield>
</datafield>
<datafield tag="500" ind1=" " ind2=" ">
<subfield code="a">Contents.- Ibrāhīm Bāshā fī bilād al-ʻArab, li-ʻAbd al-Ḥamīd al-Baṭrīq -- Ibrāhīm Bāshā fī bilād al-Yūnān, li-Muḥammad Aḥmad Ḥassūnah -- Juhūd Ibrāhīm Bāshā fī khidmat al-zirāʻah wa-al-ṣināʻah wa-al-tijārah, li-Aḥmad Aḥmad al-Ḥattah -- Idārat al-Shām, li-Asad Rustum -- al-Jaysh alladhī qādahu Ibrāhīm Bāshā, li-ʻAbd al-Raḥmān Zakī -- Ḥarb Karīt wa-al-Mūrah, li-Aḥmad Fahīm Bayyūmī -- Ḥamlat al-Shām al-ʼūlá wa-al-thāniyah, li-ʻAbd al-Raḥmān Zakī -- al-Marājiʻ (p. 403-405)</subfield>
</datafield>
<datafield tag="600" ind1="0" ind2="0">
<subfield code="a">Ibrāhīm,</subfield>
<subfield code="c">Pasha,</subfield>
<subfield code="d">1789-1848.</subfield>
</datafield>
<datafield tag="880" ind1="2" ind2=" ">
<subfield code="6">110-01/</subfield>
<subfield code="a">جمعية المصرية للدراسات التاريخية.</subfield>
</datafield>
<datafield tag="880" ind1="1" ind2="0">
<subfield code="6">245-02/</subfield>
<subfield code="a">ذكرى البطل الفاتح إبراهيم باشا، 1848-1948 :</subfield>
<subfield code="b">مجموعة أبحاث ودراسات لتاريخه تنشرها الجمعية بمناسبة انقضاء مائة عام على وفاته.</subfield>
</datafield>
<datafield tag="880" ind1=" " ind2=" ">
<subfield code="6">260-03/</subfield>
<subfield code="a">القاهرة، :</subfield>
<subfield code="b">مطبعة دار الكتب المصرية،</subfield>
<subfield code="c">[1948]</subfield>
</datafield>
<datafield tag="OWN" ind1=" " ind2=" ">
<subfield code="a">GENERAL</subfield>
</datafield>
<datafield tag="998" ind1=" " ind2=" ">
<subfield code="a">20010404</subfield>
<subfield code="d">20010404</subfield>
<subfield code="d">20010710</subfield>
<subfield code="n">NNU</subfield>
<subfield code="s">1</subfield>
<subfield code="t">c</subfield>
<subfield code="z">e</subfield>
</datafield>
<datafield tag="AVA" ind1=" " ind2=" ">
<subfield code="a">NYU50</subfield>
<subfield code="b">BOBST</subfield>
<subfield code="c">Main Collection</subfield>
<subfield code="d">DT104.5 .J3</subfield>
<subfield code="e">unavailable</subfield>
<subfield code="t">Unavailable</subfield>
<subfield code="f">1</subfield>
<subfield code="g">1</subfield>
<subfield code="h">N</subfield>
<subfield code="i">1</subfield>
<subfield code="j">MAIN</subfield>
<subfield code="k">0</subfield>
</datafield>
</record>
